@book{Akritas:2016,
	author={Akritas, M.},
	title={{Probability \&  Statistics With R For Engineers And Scientists}},
	year={2016},
	publisher={Pearson},
	address={Boston, MA}
}

@book{Akritas-Solutions:2016,
	author={Akritas, M.},
	title={{Probability \&  Statistics With R For Engineers And Scientists}},
	year={2016},
	publisher={Pearson},
	address={Boston, MA},
	note={Instructor's Solution}
}

@book{Ash:1972,
	author={Ash, R.~B.},
	title={{Real Analysis and Probability}},
	year={1972},
	publisher={Acaemic Press},
	address={New York, NY}
}

@book{Ash:2000,
	author={Ash, R.~B. and Doléans-Dade, C.~A.},
	title={{Real Analysis and Probability}},
	year={2000},
	publisher={ Harcourt/Academic Press},
	address={San Diego, CA}
    edition={2}
}

@manual{ASM-Prob:2006,
    author={Ostaszewski, K.},
    title={{ASM Study Manual  for Exam P/Exam 1}},
    year={2006},
    address={Bloomington, Ill},
    publisher={ACTEX Publications},
    edition={5}
}

@book{Baclawski:2000,
	author={Baclawski, K.},
	title={{Introduction to Probability with R}},
	year={2008},
	publisher={Cha[man \& Hall/CRC},
	address={Boca Raton}
}

@misc{Barrios:2020,
author = {Barrios, E.},
title = {{Apuntes para el curso de Cálculo de Probabilidades II}},
year={2020},
howpublished = 
{\url{http://allman.rhon.itam.mx/~ebarrios/docs/apuntes_CP2.pdf}}, 
note={(\today)}
}


@misc{Barrios:2021,
author = {Barrios, E.},
title = {{Apuntes para el curso de Cálculo de Probabilidades I}},
year={2021},
howpublished = 
{\url{http://allman.rhon.itam.mx/~ebarrios/docs/apuntes_CP1.pdf}}, 
note={(\today)}
}

@misc{Barrios&Chambon:2021,
author = {Barrios, E. and Chambon, P.},
title = {{Cálculo de Probabilidades II -- Cuaderno de Ejercicios}},
year={2021},
howpublished = 
{\url{http://allman.rhon.itam.mx/~ebarrios/docs/ejercicios_CP2.pdf}}, 
note={(\today)}
}

@misc{Barrios&Heiras:2021,
author = {Barrios, E. and Heiras, M.},
title = {{Cálculo de Probabilidades I -- Cuaderno de Ejercicios}},
year={2021},
howpublished = 
{\url{http://allman.rhon.itam.mx/~ebarrios/docs/ejercicios_CP1.pdf}}, 
note={(\today)}
}

@misc{Barrios&etal:2020,
author = {Barrios, E. and García, J.~A. and Matuk, J.},
title = {{Tablas de Probabilidades}},
year={2020},
howpublished = 
{\url{http://allman.rhon.itam.mx/~ebarrios/TablasProbabilidad/TablasProbabilidades.pdf}}, 
note={(\today)}
}

@book{Bartle:1966,
	author={Bartle, R.~G.},
	title={{The Elements of Integration and Lebesgue Measure}},
	year={1966},
	publisher={John Wiley \& Sons},
	address={New York, NY}
}

@book{Blitzstein&Hwang:2014,
	author={Blitzstein, J.~K. and Hwang, J.},
	title={{Intorduction to Probability}},
	year={2014},
	publisher={CRC Press},
	address={Boca Raton, FL}
}

@article{Box&Muller:1958,
	author={Box, G.~E.~P. and Muller, M.~E.},
	title={{A Note on the Generation of Random Normal Deviates}},
	journal={Annals of the Mathematical Statistics},
	year={1958},
	volume={29},
	number={2},
	pages={610--611}
}

@book{Casella&Berger:2002,
	author={Casella, G. and Berger, R.~L.},
	title={{Statistical Inference}},
	year={2002},
	publisher={Duxbury},
	address={Pacific Gove, CA},
	edition = {2nd}
}

@book{Canavos:1984,
    author={Canavos, G. C.},
    title={{Applied Probability and Statistical Methods}},
    year={1984},
    publisher={Little, Brown and Company},
    address={Boston}
}

@book{Dekking&etal:2000,
	author={Dekking, F.M. and Kraaikamp, C. and Lopuhaa, H.P. and Meester, L.E.},
	title={{A Modern Introduction to Probability and Statistics}},
	year={2005},
	publisher={Springer},
	address={London}
}

@BOOK{Dudewics&Mishra:1988,
  author = {Dudewicz, E.~J. and Mishra, S.~N.},
  title = {{Modern Mathematical Statistics}},
  year = {1988},
  publisher = {Wiley},
  address = {New York, N.Y.}
}

@BOOK{Devore:1995,
  author = {Devore, J.~L.},
  title = {{Probability and Statistics for Engineering and the Sciences}},
  year = {1995},
  publisher = {Duxubury},
  address = {Pacific Grove},
  edition = {4th}
}

@BOOK{Grabinsky:2000,
  author = {Grabinsky, G.},
  title = {{Teoría de la Medida}},
  year = {2000},
  publisher = {Faultad de Ciencias, UNAM},
  address = {DF, México}
}

@BOOK{Graybill:1961,
  author = {Graybill, F.~A.},
  title = {{Introduction to Linear Statistical Models (Vol I.)}},
  year = {1961},
  publisher = {McGraw-Hill},
  address = {New York}
}

@BOOK{Harris:1966,
  author = {Harris, B.},
  title = {{Theory of Probability}},
  year = {1966},
  publisher = {Addison-Wedsley},
  address = {Reading, MA.}
}

@BOOK{Hoel&etal:1971,
  author = {Hoel, P.~G. and Port, S.~C. and Stone, C.~J.},
  title = {{Introduction to Probability Theory}},
  year = {1971},
  publisher = {Houghton Miffling Company},
  address = {Boston}
}

@BOOK{Horgan:2009,
  author = {Horgan, J.M.},
  title = {{Probability With R }},
  year = {2009},
  publisher = {Wiley},
  address = {Hoboken}
}

@book{Hogg&Craig:1978,
    author={Hogg, R. V. and Craig, A. T.},
    title={{Introduction to Mathematical Statistics}},
    year={1978},
    publisher={Macmillan Publishing Co., Inc.},
    address={New York},
    edition={4},
}

@book{Hogg&etal:2005,
    author={Hogg, R.~V. and McKean, J.~W. and Craig, A.~T.},
    title={{Introduction to Mathematical Statistics}},
    year={2005},
    publisher={Pearson Prentice Hall.},
    address={Upper Saddle River, N.J.},
    edition={6},
}

@book{Leon-Garcia:1994,
    author={León-García, A.},
    title={{Probability and Random Processes for Electrical Engineering}},
    year={1994},
    publisher={Addison-Wesley},
    address={Reading, Massachusetts},
    edition={2},
}

@book{Leon-Garcia:2008,
    author={León-García, A.},
    title={{Probability, Statistics and Random Processes for Electrical Engineering}},
    year={2008},
    publisher={Addison-Wesley},
    address={Reading, Massachusetts},
    edition={3},
}

@book{Mood:1974,
    author={Mood, A. M. and Graybill, F. A. and Boes, D. C.},
    title={{Introduction to the Theory of Statistics}},
    year={1974},
    publisher={McGraw-Hill},
    address={Singapore},
    edition={3rd},
}

@book{Paolella:2006,
    author={Paolella, M.S.},
    title={{Fundamental Probability}},
    year={2006},
    publisher={John Wiley \& Sons},
    address={Chichester}
}

@book{Parzen:1960,
    author={Parzen, E.},
    title={{Modern Probability Theory and Its Applications}},
    year={1960},
    publisher={John Wiley \& Sons},
    address={New York}
}

@misc{Rincon:2014,
author = {Rincón, Luis},
title = {{Introducción a la Probabilidad}},
year={2014},
howpublished = {\url{https://lya.fciencias.unam.mx/lars/Publicaciones/Prob1-2016.pdf}}, note={18/01/2022}
}

@BOOK{Roussas:1997,
  author = {Roussas, G.~G.},
  title = {{A Course in Mathematical Statistics}},
  year = {1997},
  publisher = {Academic Press},
  address = {San Diego, CA.},
  edition = {2nd}
}

@BOOK{Ross:2006,
  author = {Ross, S.},
  title = {{A First Course in Probability}},
  year = {2006},
  publisher = {Prentice Hall},
  address = {Upper Saddle River, N.J.},
  edition = {7th}
}

@BOOK{Ross:2010,
  author = {Ross, S.},
  title = {{A First Course in Probability}},
  year = {2010},
  publisher = {Prentice Hall},
  address = {Upper Saddle River, N.J.},
  edition = {8th}
}

@BOOK{Ross:2014,
	author = {Ross, S.},
	title = {{A First Course in Probability}},
	year = {2018},
	publisher = {Pearson},
	address = {Boston, MA},
	edition = {9th}
}

@BOOK{Ross:2018,
  author = {Ross, S.},
  title = {{A First Course in Probability}},
  year = {2018},
  publisher = {Pearson},
  address = {Boston, MA},
  edition = {10th}
}

@BOOK{Scheaffer&Young:2010,
  author = {Sheaffer, R.L. and Young, L.J.},
  title = {{Introduction to Probability and Its Applications}},
  year = {2010},
  publisher = {BROOKS/COLE},
  address = {Boston, MA}
}

@BOOK{Schott:1997,
  author = {Schott, J.~R.},
  title = {{Matrix Analysis for Statistics}},
  year = {1997},
  publisher = {Wiley},
  address = {New York}
  edition = {3rd}
}

@MISC{Tubilla:2013,
  author = {Tubilla, Alberto},
  howpublished = {Comunicación personal.},
  year = {2013}
}

@BOOK{Walpole&etal:2007,
  author = {Walpole, R. E. and Myers, R. H. and Myers, S, L. and Ye, K.},
  title = {{Probability \& Statistics for Engineers and Scientists}},
  year = {2007},
  publisher = {Prentice Hall},
  address = {Upper Saddle River, N.J.},
  edition = {8th}
}

@book{Wackerly&etal:2008,
    author={Wackerly, D. D. and Mendenhall III, W. and Scheaffer, R. L.},
    title={{Mathematical Statistics with Applications}},
    year={2008},
    publisher={Thomson},
    address={Australia},
    edition={7}
}
